<marcx:collection xmlns:marcx="info:lc/xmlns/marcxchange-v1"><marcx:record format="danMARC2" type="BibliographicMain"><marcx:leader>00000n    2200000   4500</marcx:leader><marcx:datafield ind1="0" ind2="0" tag="001"><marcx:subfield code="a">50267067</marcx:subfield><marcx:subfield code="b">870970</marcx:subfield><marcx:subfield code="c">19860816</marcx:subfield><marcx:subfield code="d">19750528</marcx:subfield><marcx:subfield code="f">a</marcx:subfield><marcx:subfield code="o">c</marcx:subfield></marcx:datafield><marcx:datafield ind1="0" ind2="0" tag="004"><marcx:subfield code="r">n</marcx:subfield><marcx:subfield code="a">h</marcx:subfield></marcx:datafield><marcx:datafield ind1="0" ind2="0" tag="008"><marcx:subfield code="b">dk</marcx:subfield><marcx:subfield code="v">1</marcx:subfield></marcx:datafield><marcx:datafield ind1="0" ind2="0" tag="009"><marcx:subfield code="a">a</marcx:subfield><marcx:subfield code="g">xx</marcx:subfield></marcx:datafield><marcx:datafield ind1="0" ind2="0" tag="015"><marcx:subfield code="a">00020893</marcx:subfield></marcx:datafield><marcx:datafield ind1="0" ind2="0" tag="245"><marcx:subfield code="a">Opgaver i regning og matematik</marcx:subfield><marcx:subfield code="e">ved Aksel Hansen</marcx:subfield><marcx:subfield code="y">Facitliste</marcx:subfield></marcx:datafield><marcx:datafield ind1="0" ind2="0" tag="250"><marcx:subfield code="a">4. udgave</marcx:subfield><marcx:subfield code="x">2. oplag</marcx:subfield><marcx:subfield code="b">4. udgave</marcx:subfield></marcx:datafield><marcx:datafield ind1="0" ind2="0" tag="260"><marcx:subfield code="b">Haase</marcx:subfield></marcx:datafield><marcx:datafield ind1="0" ind2="0" tag="300"><marcx:subfield code="a">3 bind</marcx:subfield></marcx:datafield><marcx:datafield ind1="0" ind2="0" tag="652"><marcx:subfield code="n">51</marcx:subfield><marcx:subfield code="z">65</marcx:subfield></marcx:datafield><marcx:datafield ind1="0" ind2="0" tag="652"><marcx:subfield code="o">51</marcx:subfield></marcx:datafield><marcx:datafield ind1="0" ind2="0" tag="652"><marcx:subfield code="q">51.8</marcx:subfield><marcx:subfield code="z">65</marcx:subfield></marcx:datafield><marcx:datafield ind1="0" ind2="0" tag="652"><marcx:subfield code="r">51.8</marcx:subfield></marcx:datafield><marcx:datafield ind1="0" ind2="0" tag="700"><marcx:subfield code="a">Hansen</marcx:subfield><marcx:subfield code="h">Aksel</marcx:subfield><marcx:subfield code="c">f. 1913</marcx:subfield></marcx:datafield><marcx:datafield ind1="0" ind2="0" tag="996"><marcx:subfield code="a">DBC</marcx:subfield></marcx:datafield></marcx:record>